<?xml version="1.0" encoding="utf-8"?>
<record xmlns="http://www.loc.gov/MARC21/slim" xmlns:xsi="http://www.w3.org/2001/XMLSchema-instance" xsi:schemaLocation="http://www.loc.gov/MARC21/slim http://www.loc.gov/standards/marcxml/schema/MARC21slim.xsd">
	<leader>     nam a22        4500</leader>
	<controlfield tag="001">4266938</controlfield>
	<controlfield tag="003">NjP</controlfield>
	<controlfield tag="006">m        d        </controlfield>
	<controlfield tag="007">cr cn |||m|||a</controlfield>
	<controlfield tag="008">161222s1979    ir      o     000 0 ara d</controlfield>
	<datafield ind1=" " ind2=" " tag="020">
		<subfield code="z">9646632645</subfield>
	</datafield>
	<datafield ind1="7" ind2=" " tag="024">
		<subfield code="a">princeton_aco000793</subfield>
		<subfield code="2">local</subfield>
	</datafield>
	<datafield ind1=" " ind2=" " tag="040">
		<subfield code="a">NNU</subfield>
		<subfield code="b">eng</subfield>
		<subfield code="c">NNU</subfield>
	</datafield>
	<datafield ind1="1" ind2=" " tag="041">
		<subfield code="a">per</subfield>
		<subfield code="a">ara</subfield>
		<subfield code="h">ara</subfield>
	</datafield>
	<datafield ind1=" " ind2="4" tag="050">
		<subfield code="a">BP104.6</subfield>
		<subfield code="b">1979</subfield>
	</datafield>
	<datafield ind1="0" ind2=" " tag="130">
		<subfield code="6">880-01</subfield>
		<subfield code="a">Qurʼan.</subfield>
		<subfield code="l">Persian &amp; Arabic. </subfield>
	</datafield>
	<datafield ind1="1" ind2="3" tag="245">
		<subfield code="6">880-02</subfield>
		<subfield code="a">al-Qurʼān al-karīm</subfield>
		<subfield code="h">[electronic resource] /</subfield>
		<subfield code="c">tarjamat Makārim Shīrāzī.</subfield>
	</datafield>
	<datafield ind1=" " ind2=" " tag="250">
		<subfield code="6">880-03</subfield>
		<subfield code="a">Chāp-i 1.</subfield>
	</datafield>
	<datafield ind1=" " ind2=" " tag="260">
		<subfield code="6">880-04</subfield>
		<subfield code="a">Qum :</subfield>
		<subfield code="b">Intishārāt ʻAlī ibn Abī Ṭālib,</subfield>
		<subfield code="c">[1979?]</subfield>
	</datafield>
	<datafield ind1=" " ind2=" " tag="300">
		<subfield code="a">online resource (611 p.)</subfield>
	</datafield>
	<datafield ind1=" " ind2=" " tag="500">
		<subfield code="a">Cover title.</subfield>
	</datafield>
	<datafield ind1=" " ind2=" " tag="500">
		<subfield code="a">Part of the Arabic Collections Online (ACO) project, contributed by Princeton University Libraries.</subfield>
	</datafield>
	<datafield ind1=" " ind2=" " tag="533">
		<subfield code="a">Electronic reproduction.</subfield>
		<subfield code="b">New York, N.Y. :</subfield>
		<subfield code="c">New York University,</subfield>
		<subfield code="d">2016.</subfield>
		<subfield code="5">NNU</subfield>
	</datafield>
	<datafield ind1="0" ind2="0" tag="630">
		<subfield code="a">Qurʼan.</subfield>
	</datafield>
	<datafield ind1="1" ind2=" " tag="700">
		<subfield code="6">880-05</subfield>
		<subfield code="a">Shīrāzī, Makārim.</subfield>
	</datafield>
	<datafield ind1="2" ind2=" " tag="710">
		<subfield code="a">Princeton University.</subfield>
		<subfield code="b">Library.</subfield>
	</datafield>
	<datafield ind1="0" ind2=" " tag="730">
		<subfield code="a">Arabic Collections Online.</subfield>
	</datafield>
	<datafield ind1="0" ind2="8" tag="776">
		<subfield code="i">Print version:</subfield>
		<subfield code="t">al-Qurʼān al-karīm</subfield>
		<subfield code="w">(NjP)4266938</subfield>
		<subfield code="z">9646632645</subfield>
	</datafield>
	<datafield ind1="4" ind2="0" tag="856">
		<subfield code="u">http://hdl.handle.net/2333.1/hqbzkncc</subfield>
	</datafield>
	<datafield ind1="0" ind2=" " tag="880">
		<subfield code="6">130-01</subfield>
		<subfield code="a">قرأن.</subfield>
		<subfield code="l">Persian &amp; Arabic. </subfield>
	</datafield>
	<datafield ind1="1" ind2="2" tag="880">
		<subfield code="6">245-02</subfield>
		<subfield code="a">القرآن الكريم /</subfield>
		<subfield code="c">ترجمة مكارم شيرازي.</subfield>
	</datafield>
	<datafield ind1=" " ind2=" " tag="880">
		<subfield code="6">250-03</subfield>
		<subfield code="a">چاپ 1.</subfield>
	</datafield>
	<datafield ind1=" " ind2=" " tag="880">
		<subfield code="6">260-04</subfield>
		<subfield code="a">قم :</subfield>
		<subfield code="b">انتشارات علي بن ابي طالب،</subfield>
		<subfield code="c">[1979؟]</subfield>
	</datafield>
	<datafield ind1="1" ind2=" " tag="880">
		<subfield code="6">700-05</subfield>
		<subfield code="a">شىرازى، مکارم.</subfield>
	</datafield>
	<datafield ind1=" " ind2=" " tag="904">
		<subfield code="a">mnc</subfield>
		<subfield code="b">a</subfield>
		<subfield code="h">n</subfield>
		<subfield code="c">b</subfield>
		<subfield code="e">20041105</subfield>
	</datafield>
	<datafield ind1=" " ind2=" " tag="902">
		<subfield code="a">kc</subfield>
		<subfield code="b">o</subfield>
		<subfield code="7">m</subfield>
		<subfield code="d">v</subfield>
		<subfield code="f">1</subfield>
		<subfield code="e">20061025</subfield>
	</datafield>
	<datafield ind1=" " ind2=" " tag="959">
		<subfield code="a">NNU</subfield>
		<subfield code="b">WEB</subfield>
		<subfield code="c">GENI</subfield>
		<subfield code="t">0</subfield>
		<subfield code="m">Electronic access</subfield>
		<subfield code="s">01</subfield>
	</datafield>
	<datafield ind1=" " ind2=" " tag="999">
		<subfield code="i">NjP_4266938</subfield>
		<subfield code="s">princeton_aco000793</subfield>
		<subfield code="e">(ERROR-880)(ERROR-MISC)</subfield>
		<subfield code="s">princeton_aco000793</subfield>
	</datafield>
</record>
